ISA*00*          *00*          *ZZ*ACMEPLAN       *ZZ*POINTC         *251005*1430*^*00501*000000004*0*P*:~
GS*HP*ACMEPLAN*POINTC*20251005*1430*4*X*005010X221A1~
ST*835*0001*005010X221A1~
BPR*I*15000.00*C*ACH*CCD*01*999999992*DA*123456*1512345678**01*999999999*DA*98765*20251005~
TRN*1*12345678901234*1512345678~
REF*EV*ACMEPLAN~
DTM*405*20251005~
N1*PR*ACME HEALTH PLAN~
N3*PO BOX 12345~
N4*CHICAGO*IL*60601~
PER*CX*CLAIMS DEPT*TE*8005551234~
N1*PE*MAIN STREET CLINIC*XX*1234567893~
N3*789 MAIN STREET~
N4*ANYTOWN*NY*12345~
REF*TJ*870000123~
LX*1~
CLP*PATIENT-CLAIM-001*1*500.00*450.00**12*9877281234*11*1~
CAS*CO*45*50.00~
NM1*QC*1*SMITH*MARY****MI*M987654321~
NM1*82*1*JONES*ROBERT****XX*1234567890~
REF*1G*P123456~
DTM*232*20250915~
DTM*233*20250915~
SVC*HC:99213*500.00*450.00**1~
DTM*472*20250915~
CAS*CO*45*50.00~
AMT*B6*500.00~
LX*2~
CLP*PATIENT-CLAIM-002*1*1200.00*1080.00**12*9877281234*11*1~
CAS*CO*45*120.00~
NM1*QC*1*JOHNSON*DAVID****MI*M876543210~
NM1*82*1*JONES*ROBERT****XX*1234567890~
REF*1G*P654321~
DTM*232*20250920~
DTM*233*20250920~
SVC*HC:99214*800.00*720.00**1~
DTM*472*20250920~
CAS*CO*45*80.00~
AMT*B6*800.00~
SVC*HC:85025*400.00*360.00**1~
DTM*472*20250920~
CAS*CO*45*40.00~
AMT*B6*400.00~
PLB*1234567893*20251005*CV:9876543*-50.00~
SE*45*0001~
GE*1*4~
IEA*1*000000004~
